@book{saturday_is_monday,
  author    = "Стругацкий, А.Н. and Стругацкий, Б.Н.",
  title     = "Понедельник начинается в субботу",
  address   = "М.",
  editor    = "Иванов",
  publisher = "Детская литература",
  year      = 1965,
  language  = "russian"
}
@article{Palmgren,
title = "Partial Horn logic and cartesian categories",
journal = "Annals of Pure and Applied Logic",
volume = "145",
number = "3",
pages = "314 - 353",
year = "2007",
note = "",
issn = "0168-0072",
doi = "http://dx.doi.org/10.1016/j.apal.2006.10.001",
url = "http://www.sciencedirect.com/science/article/pii/S0168007206001229",
author = "E. Palmgren and S.J. Vickers",
keywords = "Cartesian theory",
keywords = "Essentially algebraic",
keywords = "Free algebra",
keywords = "Classifying category",
keywords = "Syntactic category",
keywords = "Partial algebra"
}
@Article{isaev,
  author      = {Valery Isaev},
  title       = {Algebraic Presentations of Dependent Type Theories},
  version     = {1},
  date        = {2016-02-26},
  eprinttype  = {arxiv},
  eprintclass = {math.LO, cs.LO, math.CT},
  eprint      = {http://arxiv.org/abs/1602.08504v3},
  url         = {http://arxiv.org/abs/1602.08504v3}
}
@book{book:pierce,
 author = {Pierce, Benjamin C.},
 title = {Advanced Topics in Types and Programming Languages},
 year = {2004},
 isbn = {0262162288},
 publisher = {The MIT Press},
}
@online{ncat:tt-ct,
  author       = "nLab",
  title        = "Связь между теорией типов и теорией категорий",
  year         = 2017,
  url          = {https://ncatlab.org/nlab/show/relation+between+type+theory+and+category+theory},
  urldate      = "25.05.2017",
  language     = "english"
}

@online{nct,
  author       = "nLab",
  title        = "Связь между теорией типов и теорией категорий",
  howpublished = "Википедия, свободная энциклопедия",
  year         = 2015,
  url          = {https://ncatlab.org/nlab/show/relation+between+type+theory+and+category+theory},
  urldate      = "25.05.2017",
  language     = "english"
}
