@article{swierstra2008data,
  title={Data types {\`a} la carte},
  author={Swierstra, Wouter},
  journal={Journal of functional programming},
  volume={18},
  number={04},
  pages={423--436},
  year={2008},
  publisher={Cambridge Univ Press}
}

@inproceedings{bahr2014composing,
  title={Composing and decomposing data types: a closed type families implementation of data types {\`a} la carte},
  author={Bahr, Patrick},
  booktitle={Proceedings of the 10th ACM SIGPLAN workshop on Generic programming},
  pages={71--82},
  year={2014},
  organization={ACM}
}

@article{palmgren2007partial,
  title={Partial Horn logic and cartesian categories},
  author={Palmgren, Erik and Vickers, Steven J},
  journal={Annals of Pure and Applied Logic},
  volume={145},
  number={3},
  pages={314--353},
  year={2007},
  publisher={Elsevier}
}

@article{isaev2016algebraic,
  title={Algebraic Presentations of Dependent Type Theories},
  author={Isaev, Valery},
  journal={arXiv preprint arXiv:1602.08504},
  year={2016}
}